@online{Unity2021FixingPerformanceProblems,
author = {{Unity Technologies}},
title = {{Unity Learn: Fixing Performance Problems - 2019.3}},
year = {2021},
url = {https://learn.unity.com/tutorial/fixing-performance-problems-2019-3?uv=2019.4}
}

@online{Unity2020OptimizingYourVRARExperiences,
author = {{Unity Technologies}},
title = {{Unity Learn: Optimizing your VR/AR Experiences}},
year = {2020},
url = {https://learn.unity.com/tutorial/optimizing-your-vr-ar-experiences}
}

@online{Unity2021OptimizingGraphicsPerformance,
author = {{Unity Technologies}},
title = {{Unity User Manual 2020.3 (LTS): Optimizing graphics performance}},
year = {2021},
url = {https://docs.unity3d.com/Manual/OptimizingGraphicsPerformance.html}
}

@online{Unity2021DrawCallBatching,
author = {{Unity Technologies}},
title = {{Unity User Manual 2020.3 (LTS): Draw call batching}},
year = {2021},
url = {https://docs.unity3d.com/Manual/DrawCallBatching.html}
}

